@article{zheng2018blockchain,
  title={Blockchain challenges and opportunities: A survey},
  author={Zheng, Zibin and Xie, Shaoan and Dai, Hong-Ning and Chen, Xiangping and Wang, Huaimin},
  journal={International journal of web and grid services},
  volume={14},
  number={4},
  pages={352--375},
  year={2018},
  publisher={Inderscience Publishers (IEL)}
}

@article{bhutta2021survey,
  title={A survey on blockchain technology: Evolution, architecture and security},
  author={Bhutta, Muhammad Nasir Mumtaz and Khwaja, Amir A and Nadeem, Adnan and Ahmad, Hafiz Farooq and Khan, Muhammad Khurram and Hanif, Moataz A and Song, Houbing and Alshamari, Majed and Cao, Yue},
  journal={Ieee Access},
  volume={9},
  pages={61048--61073},
  year={2021},
  publisher={IEEE}
}

@article{viriyasitavat2019blockchain,
  title={Blockchain characteristics and consensus in modern business processes},
  author={Viriyasitavat, Wattana and Hoonsopon, Danupol},
  journal={Journal of Industrial Information Integration},
  volume={13},
  pages={32--39},
  year={2019},
  publisher={Elsevier}
}

@inproceedings{zheng2017overview,
  title={An overview of blockchain technology: Architecture, consensus, and future trends},
  author={Zheng, Zibin and Xie, Shaoan and Dai, Hongning and Chen, Xiangping and Wang, Huaimin},
  booktitle={2017 IEEE international congress on big data (BigData congress)},
  pages={557--564},
  year={2017},
  organization={Ieee}
}

@inproceedings{bach2018comparative,
  title={Comparative analysis of blockchain consensus algorithms},
  author={Bach, Leo Maxim and Mihaljevic, Branko and Zagar, Mario},
  booktitle={2018 41st International Convention on Information and Communication Technology, Electronics and Microelectronics (MIPRO)},
  pages={1545--1550},
  year={2018},
  organization={Ieee}
}

@article{zhou2020solutions,
  title={Solutions to scalability of blockchain: A survey},
  author={Zhou, Qiheng and Huang, Huawei and Zheng, Zibin and Bian, Jing},
  journal={Ieee Access},
  volume={8},
  pages={16440--16455},
  year={2020},
  publisher={IEEE}
}

@inproceedings{cadiz2021empirical,
  title={An empirical analysis of using blockchain technology in e-voting systems},
  author={Cadiz, Jayson V and Mariscal, Nicole Amber M and Ceniza-Canillo, Angie M},
  booktitle={2021 1st International Conference in Information and Computing Research (iCORE)},
  pages={78--83},
  year={2021},
  organization={IEEE}
}

@article{farooq2022framework,
  title={A framework to make voting system transparent using blockchain technology},
  author={Farooq, Muhammad Shoaib and Iftikhar, Usman and Khelifi, Adel},
  journal={IEEE Access},
  volume={10},
  pages={59959--59969},
  year={2022},
  publisher={IEEE}
}

@inproceedings{al2020decentralized,
  title={Decentralized E-voting system based on Smart Contract by using Blockchain Technology},
  author={Al-Madani, Ali Mansour and Gaikwad, Ashok T and Mahale, Vivek and Ahmed, Zeyad AT},
  booktitle={2020 International Conference on Smart Innovations in Design, Environment, Management, Planning and Computing (ICSIDEMPC)},
  pages={176--180},
  year={2020},
  organization={IEEE}
}

@inproceedings{angsuchotmetee2019blockvote,
  title={Blockvote: An architecture of a blockchain-based electronic voting system},
  author={Angsuchotmetee, Chinnapong and Setthawong, Pisal and Udomviriyalanon, Sapjarern},
  booktitle={2019 23rd International Computer Science and Engineering Conference (ICSEC)},
  pages={110--116},
  year={2019},
  organization={IEEE}
}

@article{benabdallah2022analysis,
  title={Analysis of blockchain solutions for e-voting: A systematic literature review},
  author={Benabdallah, Ali and Audras, Antoine and Coudert, Louis and El Madhoun, Nour and Badra, Mohamad},
  journal={IEEE Access},
  year={2022},
  publisher={IEEE}
}

@inproceedings{khudoykulov2021blockchain,
  title={Blockchain Based E-Voting System: Open Issues and Challenges},
  author={Khudoykulov, Zarif and Tojiakbarova, Umida and Bozorov, Suhrob and Ourbonalieva, Dilshoda},
  booktitle={2021 International Conference on Information Science and Communications Technologies (ICISCT)},
  pages={1--5},
  year={2021},
  organization={IEEE}
}

@article{jafar2021blockchain,
  title={Blockchain for electronic voting systemâ€”review and open research challenges},
  author={Jafar, Uzma and Aziz, Mohd Juzaiddin Ab and Shukur, Zarina},
  journal={Sensors},
  volume={21},
  number={17},
  pages={5874},
  year={2021},
  publisher={MDPI}
}