@INPROCEEDINGS{8400278,
  author={Bach, L. M. and Mihaljevic, B. and Zagar, M.},
  booktitle={2018 41st International Convention on Information and Communication Technology, Electronics and Microelectronics (MIPRO)}, 
  title={Comparative analysis of blockchain consensus algorithms}, 
  year={2018},
  volume={},
  number={},
  pages={1545-1550},
  doi={10.23919/MIPRO.2018.8400278}
}
  
@INPROCEEDINGS{8029379,
  author={Zheng, Zibin and Xie, Shaoan and Dai, Hongning and Chen, Xiangping and Wang, Huaimin},
  booktitle={2017 IEEE International Congress on Big Data (BigData Congress)}, 
  title={An Overview of Blockchain Technology: Architecture, Consensus, and Future Trends}, 
  year={2017},
  volume={},
  number={},
  pages={557-564},
  doi={10.1109/BigDataCongress.2017.85}
}
  
@ARTICLE{9402747,
  author={Bhutta, Muhammad Nasir Mumtaz and Khwaja, Amir A. and Nadeem, Adnan and Ahmad, Hafiz Farooq and Khan, Muhammad Khurram and Hanif, Moataz A. and Song, Houbing and Alshamari, Majed and Cao, Yue},
  journal={IEEE Access}, 
  title={A Survey on Blockchain Technology: Evolution, Architecture and Security}, 
  year={2021},
  volume={9},
  number={},
  pages={61048-61073},
  doi={10.1109/ACCESS.2021.3072849}
}
  
@article{zheng2018blockchain,
  title={Blockchain challenges and opportunities: A survey},
  author={Zheng, Zibin and Xie, Shaoan and Dai, Hong-Ning and Chen, Xiangping and Wang, Huaimin},
  journal={International journal of web and grid services},
  volume={14},
  number={4},
  pages={352--375},
  year={2018},
  publisher={Inderscience Publishers (IEL)}
}

@article{viriyasitavat2019blockchain,
  title={Blockchain characteristics and consensus in modern business processes},
  author={Viriyasitavat, Wattana and Hoonsopon, Danupol},
  journal={Journal of Industrial Information Integration},
  volume={13},
  pages={32--39},
  year={2019},
  publisher={Elsevier}
}

@inproceedings{angsuchotmetee2019blockvote,
  title={Blockvote: An architecture of a blockchain-based electronic voting system},
  author={Angsuchotmetee, Chinnapong and Setthawong, Pisal and Udomviriyalanon, Sapjarern},
  booktitle={2019 23rd International Computer Science and Engineering Conference (ICSEC)},
  pages={110--116},
  year={2019},
  organization={IEEE}
}

@INPROCEEDINGS{9299581,
  author={Al-madani, Ali Mansour and Gaikwad, Ashok T. and Mahale, Vivek and Ahmed, Zeyad A.T.},
  booktitle={2020 International Conference on Smart Innovations in Design, Environment, Management, Planning and Computing (ICSIDEMPC)}, 
  title={Decentralized E-voting system based on Smart Contract by using Blockchain Technology}, 
  year={2020},
  volume={},
  number={},
  pages={176-180},
  doi={10.1109/ICSIDEMPC49020.2020.9299581}
}

@ARTICLE{9787540,
  author={Farooq, Muhammad Shoaib and Iftikhar, Usman and Khelifi, Adel},
  journal={IEEE Access}, 
  title={A Framework to Make Voting System Transparent Using Blockchain Technology}, 
  year={2022},
  volume={10},
  number={},
  pages={59959-59969},
  doi={10.1109/ACCESS.2022.3180168}
}

@ARTICLE{8962150,
  author={Zhou, Qiheng and Huang, Huawei and Zheng, Zibin and Bian, Jing},
  journal={IEEE Access}, 
  title={Solutions to Scalability of Blockchain: A Survey}, 
  year={2020},
  volume={8},
  number={},
  pages={16440-16455},
  doi={10.1109/ACCESS.2020.2967218}
}

@INPROCEEDINGS{9681365,
  author={Cadiz, Jayson V. and Mariscal, Nicole Amber M. and Ceniza-Canillo, Angie M.},
  booktitle={2021 1st International Conference in Information and Computing Research (iCORE)}, 
  title={An Empirical Analysis Of Using Blockchain Technology In E-Voting Systems}, 
  year={2021},
  volume={},
  number={},
  pages={78-83},
  doi={10.1109/iCORE54267.2021.00033}
}

@INPROCEEDINGS{9670245,
  author={Khudoykulov, Zarif and Tojiakbarova, Umida and Bozorov, Suhrob and Ourbonalieva, Dilshoda},
  booktitle={2021 International Conference on Information Science and Communications Technologies (ICISCT)}, 
  title={Blockchain Based E-Voting System: Open Issues and Challenges}, 
  year={2021},
  volume={},
  number={},
  pages={1-5},
  doi={10.1109/ICISCT52966.2021.9670245}
}

@ARTICLE{9812616,
  author={Benabdallah, Ali and Audras, Antoine and Coudert, Louis and El Madhoun, Nour and Badra, Mohamad},
  journal={IEEE Access}, 
  title={Analysis of Blockchain Solutions for E-Voting: A Systematic Literature Review}, 
  year={2022},
  volume={10},
  number={},
  pages={70746-70759},
  doi={10.1109/ACCESS.2022.3187688}
}